@article{hamilton1987sometimes,
  title={Sometimes R 2> r 2 yx 1+ r 2 yx 2: Correlated variables are not always redundant},
  author={Hamilton, David},
  journal={The American Statistician},
  volume={41},
  number={2},
  pages={129--132},
  year={1987},
  publisher={Taylor \& Francis Group}
}
